@misc{geniusdataset,
  title={Genius Song Lyrics},
  url={https://www.kaggle.com/datasets/carlosgdcj/genius-song-lyrics-with-language-information?select=song_lyrics.csv}
}

@misc{albert-base-v2,
    title= {Albert Base v2},
    url= {https://huggingface.co/albert/albert-base-v2}
}

@article{plutchik1980general,
  title={A general psychoevolutionary theory of emotion},
  author={Plutchik, Robert},
  journal={Emotion: Theory, research, and experience},
  volume={1},
  year={1980}
}